<?xml version="1.0" encoding="UTF-8"?><collection xmlns="http://www.loc.gov/MARC21/slim"><record><leader>00389nam--2200133-i-4500</leader><controlfield tag="001">000019749</controlfield><controlfield tag="002">20161230</controlfield><controlfield tag="005">20161230201033</controlfield><controlfield tag="008">060222s1000------------r-----000-0-eng-d</controlfield><datafield ind1=" " ind2=" " tag="080"><subfield code="a">025.3</subfield></datafield><datafield ind1=" " ind2=" " tag="100"><subfield code="a">Smith, Lynn S</subfield></datafield><datafield ind1=" " ind2=" " tag="245"><subfield code="a">Foundations in library and information science.a practical approach to serials cataloging</subfield></datafield><datafield ind1=" " ind2=" " tag="260"><subfield code="a">Greenwich, Jai Press Inc., 1978. Xx + 424 P</subfield></datafield><datafield ind1=" " ind2=" " tag="852"><subfield code="a">46017</subfield></datafield></record></collection>